<?xml version="1.0" encoding="UTF-8"?>
<bib>
  <mms_id>990023413360106761</mms_id>
  <record_format>marc21</record_format>
  <linked_record_id/>
  <title>Fundamentals of soil mechanics.</title>
  <author>Florin, V. A.</author>
  <network_numbers>
    <network_number>(OCoLC)915832153</network_number>
    <network_number>(MCM)002341336MIT01</network_number>
  </network_numbers>
  <place_of_publication>[Cambridge, Massachusetts] :</place_of_publication>
  <date_of_publication>[2015]</date_of_publication>
  <publisher_const>[MIT Libraries Curation and Preservation Services],</publisher_const>
  <holdings link="https://api-na.hosted.exlibrisgroup.com/almaws/v1/bibs/990023413360106761/holdings"/>
  <created_by>import</created_by>
  <created_date>2021-06-30Z</created_date>
  <suppress_from_publishing>false</suppress_from_publishing>
  <suppress_from_external_search>false</suppress_from_external_search>
  <sync_with_oclc>BIBS</sync_with_oclc>
  <sync_with_libraries_australia>NONE</sync_with_libraries_australia>
  <originating_system>ILS</originating_system>
  <originating_system_id>002341336-MIT01</originating_system_id>
  <cataloging_level desc="Default Level">00</cataloging_level>
  <record schemaLocation="http://www.loc.gov/MARC21/slim http://www.loc.gov/standards/marcxml/schema/MARC21slim.xsd">
    <leader>     cam  2200397Ii 4500</leader>
    <controlfield tag="001">990023413360106761</controlfield>
    <datafield ind1=" " ind2=" " tag="035">
      <subfield code="a">(MCM)002341336MIT01</subfield>
    </datafield>
    <controlfield tag="005">20160220072504.0</controlfield>
    <controlfield tag="006">m     o  d        </controlfield>
    <controlfield tag="007">cr |||||||||||</controlfield>
    <controlfield tag="008">150805r20151972maua    ob   f000 0 eng d</controlfield>
    <datafield ind1=" " ind2=" " tag="035">
      <subfield code="a">(OCoLC)915832153</subfield>
    </datafield>
    <datafield ind1=" " ind2=" " tag="040">
      <subfield code="a">MYG</subfield>
      <subfield code="b">eng</subfield>
      <subfield code="e">rda</subfield>
      <subfield code="c">MYG</subfield>
      <subfield code="d">OCLCF</subfield>
      <subfield code="d">MYG</subfield>
    </datafield>
    <datafield ind1="1" ind2="4" tag="050">
      <subfield code="a">TA710</subfield>
      <subfield code="b">.F56 1972a</subfield>
    </datafield>
    <datafield ind1="1" ind2=" " tag="100">
      <subfield code="a">Florin, V. A.</subfield>
      <subfield code="q">(Viktor Anatolʹevich),</subfield>
      <subfield code="e">author.</subfield>
    </datafield>
    <datafield ind1="1" ind2="0" tag="240">
      <subfield code="a">Osnovy mekhaniki gruntov.</subfield>
      <subfield code="k">Tom 1.</subfield>
      <subfield code="l">English</subfield>
    </datafield>
    <datafield ind1="1" ind2="0" tag="245">
      <subfield code="a">Fundamentals of soil mechanics.</subfield>
      <subfield code="n">Volume 1,</subfield>
      <subfield code="p">General relationships and state of stress caused by foundation loads / by V.A. Florin ; translation edited by Robert L. Schiffman.</subfield>
    </datafield>
    <datafield ind1="3" ind2=" " tag="246">
      <subfield code="a">General relationships and state of stress caused by foundation loads</subfield>
    </datafield>
    <datafield ind1=" " ind2="1" tag="264">
      <subfield code="a">[Cambridge, Massachusetts] :</subfield>
      <subfield code="b">[MIT Libraries Curation and Preservation Services],</subfield>
      <subfield code="c">[2015]</subfield>
    </datafield>
    <datafield ind1=" " ind2=" " tag="300">
      <subfield code="a">1 online resource :</subfield>
      <subfield code="b">illustrations</subfield>
    </datafield>
    <datafield ind1=" " ind2=" " tag="336">
      <subfield code="a">text</subfield>
      <subfield code="b">txt</subfield>
      <subfield code="2">rdacontent</subfield>
    </datafield>
    <datafield ind1=" " ind2=" " tag="337">
      <subfield code="a">computer</subfield>
      <subfield code="b">c</subfield>
      <subfield code="2">rdamedia</subfield>
    </datafield>
    <datafield ind1=" " ind2=" " tag="338">
      <subfield code="a">online resource</subfield>
      <subfield code="b">cr</subfield>
      <subfield code="2">rdacarrier</subfield>
    </datafield>
    <datafield ind1=" " ind2=" " tag="500">
      <subfield code="a">"Translated from Russian."</subfield>
    </datafield>
    <datafield ind1=" " ind2=" " tag="534">
      <subfield code="p">Digital reproduction of:</subfield>
      <subfield code="a">Florin, V. A. (Viktor Anatolʹevich).</subfield>
      <subfield code="t">Fundamentals of soil mechanics. Volume 1, General relationships and state of stress caused by foundation loads.</subfield>
      <subfield code="c">Springfield, VA :</subfield>
      <subfield code="b">National Tehcnical Information Service, 1972.</subfield>
    </datafield>
    <datafield ind1=" " ind2=" " tag="500">
      <subfield code="a">"PB-268 833-T."</subfield>
    </datafield>
    <datafield ind1=" " ind2=" " tag="504">
      <subfield code="a">Includes bibliographical references (pages R1-R11).</subfield>
    </datafield>
    <datafield ind1=" " ind2=" " tag="588">
      <subfield code="a">Title from PDF title page.</subfield>
    </datafield>
    <datafield ind1=" " ind2="0" tag="650">
      <subfield code="a">Soil mechanics.</subfield>
    </datafield>
    <datafield ind1=" " ind2="0" tag="650">
      <subfield code="a">Foundations.</subfield>
    </datafield>
    <datafield ind1="1" ind2=" " tag="700">
      <subfield code="a">Schiffman, Robert L.,</subfield>
      <subfield code="e">translator,</subfield>
      <subfield code="e">editor.</subfield>
    </datafield>
    <datafield ind1="4" ind2="0" tag="856">
      <subfield code="u">https://lib-ebooks.mit.edu/item/002341336</subfield>
    </datafield>
    <datafield ind1=" " ind2=" " tag="049">
      <subfield code="a">MYGG</subfield>
    </datafield>
    <datafield ind1=" " ind2=" " tag="910">
      <subfield code="a">ba160219</subfield>
      <subfield code="b">mod</subfield>
      <subfield code="c">~</subfield>
      <subfield code="e">recat</subfield>
      <subfield code="j">a</subfield>
      <subfield code="k">m</subfield>
      <subfield code="l">o</subfield>
      <subfield code="m">I</subfield>
      <subfield code="o">rda</subfield>
      <subfield code="p">MYG</subfield>
      <subfield code="q">n</subfield>
      <subfield code="r">i</subfield>
      <subfield code="s">1</subfield>
      <subfield code="w">~</subfield>
      <subfield code="x">0</subfield>
      <subfield code="y">~</subfield>
      <subfield code="z">~</subfield>
      <subfield code="i">ba</subfield>
      <subfield code="d">160219</subfield>
    </datafield>
    <datafield ind1=" " ind2=" " tag="946">
      <subfield code="m">mit-hosted</subfield>
    </datafield>
    <datafield ind1=" " ind2=" " tag="994">
      <subfield code="a">C0</subfield>
      <subfield code="b">MYG</subfield>
    </datafield>
    <datafield ind1=" " ind2=" " tag="910">
      <subfield code="a">ba150805</subfield>
      <subfield code="b">new</subfield>
      <subfield code="c">~</subfield>
      <subfield code="e">misc</subfield>
      <subfield code="j">a</subfield>
      <subfield code="k">m</subfield>
      <subfield code="l">o</subfield>
      <subfield code="m">I</subfield>
      <subfield code="o">rda</subfield>
      <subfield code="p">MYG</subfield>
      <subfield code="q">n</subfield>
      <subfield code="r">i</subfield>
      <subfield code="s">1</subfield>
      <subfield code="w">~</subfield>
      <subfield code="x">0</subfield>
      <subfield code="y">~</subfield>
      <subfield code="z">~</subfield>
      <subfield code="i">ba</subfield>
      <subfield code="d">150805</subfield>
    </datafield>
  </record>
</bib>
